<?xml version="1.0" encoding="UTF-8"?><collection xmlns="http://www.loc.gov/MARC21/slim"><record><leader>00515nam--2200193-i-4500</leader><controlfield tag="001">000004516</controlfield><controlfield tag="002">20161230</controlfield><controlfield tag="005">20161230201025</controlfield><controlfield tag="008">060222s1000------------r-----000-0-rus-d</controlfield><datafield ind1=" " ind2=" " tag="040"><subfield code="a">IFIN-HH</subfield></datafield><datafield ind1=" " ind2=" " tag="041"><subfield code="a">rus</subfield></datafield><datafield ind1=" " ind2=" " tag="080"><subfield code="a">539.4:620.1</subfield></datafield><datafield ind1="1" ind2=" " tag="100"><subfield code="a">Lihacev, V.A</subfield></datafield><datafield ind1="1" ind2="0" tag="245"><subfield code="a">Kontinualnaia teoria defektov</subfield><subfield code="c">V.a. lihacev, a.e. volkov, v.e. sudegov</subfield></datafield><datafield ind1=" " ind2=" " tag="260"><subfield code="a">Leningrad</subfield><subfield code="b">Leningradskogo Universiteta</subfield><subfield code="c">1986</subfield></datafield><datafield ind1=" " ind2=" " tag="300"><subfield code="a">227P</subfield></datafield><datafield ind1="1" ind2=" " tag="700"><subfield code="a">Sudegov, V.E</subfield></datafield><datafield ind1=" " ind2=" " tag="852"><subfield code="a">74251</subfield><subfield code="c">539.4</subfield></datafield><datafield ind1=" " ind2=" " tag="CAT"><subfield code="a">Sys</subfield><subfield code="c">20130129</subfield><subfield code="h">180045</subfield></datafield></record></collection>